<record><leader>00000cas a22000007a 4500</leader><controlfield tag="001">38245136</controlfield><controlfield tag="008">980122d1965196umeuuu ne      0    0eng d</controlfield><datafield ind1=" " ind2=" " tag="010"><subfield code="a">sn 97069041 </subfield></datafield><datafield ind1=" " ind2=" " tag="040"><subfield code="a">MBN</subfield><subfield code="b">eng</subfield><subfield code="c">MBN</subfield><subfield code="d">OCLCQ</subfield><subfield code="d">OCLCF</subfield><subfield code="d">OCLCO</subfield></datafield><datafield ind1=" " ind2=" " tag="042"><subfield code="a">msc</subfield></datafield><datafield ind1=" " ind2=" " tag="043"><subfield code="a">n-us-me</subfield></datafield><datafield ind1="0" ind2="0" tag="245"><subfield code="a">South Portland-Cape Elizabeth journal.</subfield></datafield><datafield ind1=" " ind2=" " tag="260"><subfield code="a">[S.l.] :</subfield><subfield code="b">Campbell B. Niven Roger V. Snow, Jr.</subfield></datafield><datafield ind1=" " ind2=" " tag="300"><subfield code="a">v.</subfield></datafield><datafield ind1="0" ind2=" " tag="362"><subfield code="a">Vol. 1, no. 1 (Apr. 15, 1965)-</subfield></datafield><datafield ind1=" " ind2=" " tag="580"><subfield code="a">Merged with: Westbrook American, to form: American journal (Westbrook, Me.).</subfield></datafield><datafield ind1=" " ind2="0" tag="651"><subfield code="a">South Portland (Me.)</subfield><subfield code="v">Newspapers.</subfield></datafield><datafield ind1=" " ind2="0" tag="651"><subfield code="a">Cape Elizabeth (Me.)</subfield><subfield code="v">Newspapers.</subfield></datafield><datafield ind1=" " ind2="7" tag="655"><subfield code="a">Newspapers.</subfield><subfield code="2">fast</subfield><subfield code="0">(OCoLC)fst01423814</subfield></datafield><datafield ind1=" " ind2="7" tag="651"><subfield code="a">Maine</subfield><subfield code="z">Cape Elizabeth.</subfield><subfield code="2">fast</subfield><subfield code="0">(OCoLC)fst01229883</subfield></datafield><datafield ind1=" " ind2="7" tag="651"><subfield code="a">Maine</subfield><subfield code="z">South Portland.</subfield><subfield code="2">fast</subfield><subfield code="0">(OCoLC)fst01214538</subfield></datafield><datafield ind1=" " ind2=" " tag="752"><subfield code="a">United States</subfield><subfield code="b">Maine</subfield><subfield code="c">Cumberland</subfield><subfield code="d">South Portland.</subfield></datafield><datafield ind1=" " ind2=" " tag="752"><subfield code="a">United States</subfield><subfield code="b">Maine</subfield><subfield code="c">Cumberland</subfield><subfield code="d">Cape Elizabeth.</subfield></datafield><datafield ind1="1" ind2="7" tag="785"><subfield code="t">Westbrook American</subfield><subfield code="w">(DLC)sn 95067898</subfield></datafield><datafield ind1="1" ind2="7" tag="785"><subfield code="t">American journal (Westbrook, Me.)</subfield><subfield code="w">(OCoLC)18410142</subfield></datafield></record>